<?xml version="1.0" encoding="UTF-8"?><collection><record><leader>05588ntm a2200613 a 4500</leader><controlfield tag="001">006813538</controlfield><controlfield tag="003">MiAaHDL</controlfield><controlfield tag="005">20190719000000.0</controlfield><controlfield tag="006">m        d        </controlfield><controlfield tag="007">cr bn ---auaua</controlfield><controlfield tag="008">090605s1602    xx            00| ||ara d</controlfield><datafield tag="035" ind1=" " ind2=" "><subfield code="a">(MiU)006813538</subfield></datafield><datafield tag="035" ind1=" " ind2=" "><subfield code="a">sdr-miu006813538</subfield></datafield><datafield tag="040" ind1=" " ind2=" "><subfield code="a">MiU</subfield><subfield code="c">MiU</subfield><subfield code="e">amremm</subfield></datafield><datafield tag="043" ind1=" " ind2=" "><subfield code="a">n-us-mi</subfield></datafield><datafield tag="100" ind1="1" ind2=" "><subfield code="6">880-01</subfield><subfield code="a">Qaddūmī, Aḥmad,</subfield><subfield code="d">ca. 16th cent.?</subfield></datafield><datafield tag="245" ind1="1" ind2="0"><subfield code="6">880-03</subfield><subfield code="a">[Ḥāshiyat Sayyidī Aḥmad al-Qaddūmī ʻalá Sayyidī al-Sharīf,</subfield><subfield code="f">1010, i.e. 1602].</subfield></datafield><datafield tag="246" ind1="3" ind2=" "><subfield code="i">Title from inscription on interior of upper cover:</subfield><subfield code="a">حاشية القدومي</subfield></datafield><datafield tag="260" ind1=" " ind2=" "><subfield code="c">[1602].</subfield></datafield><datafield tag="300" ind1=" " ind2=" "><subfield code="a">193 leaves :</subfield><subfield code="b">paper ;</subfield><subfield code="c">210 x 165 (145 x 97) mm.</subfield></datafield><datafield tag="500" ind1=" " ind2=" "><subfield code="a">Shelfmark: Ann Arbor, University of Michigan, Special Collections Library, Isl. Ms. 620</subfield></datafield><datafield tag="500" ind1=" " ind2=" "><subfield code="a">Origin: As appears in colophon on p.385, transcription completed 26 [?] Rajab 1010 [ca. 20? January 1602].</subfield></datafield><datafield tag="500" ind1=" " ind2=" "><subfield code="a">Accompanying materials: a. Inventory cataloguing slip in hand of Winifred Smeaton Thomas. -- b. Acquisitions slip from Yahuda.</subfield></datafield><datafield tag="500" ind1=" " ind2=" "><subfield code="a">Former shelfmark: From interior of upper cover and spine label, "IL 96" (likely supplied by Yahuda, see acquisitions slip).</subfield></datafield><datafield tag="500" ind1=" " ind2=" "><subfield code="a">Binding: Pasteboards covered in brown leather ; Type II binding (with flap) ; board linings in beige laid paper ; fore edge flap lined in purple textile ; upper and lower covers carry blind-stamped scalloped mandorla (filled with symmetrical vegetal composition, similar to Déroche class. OSd1) as well as tooled border ; sewn in beige thread, two stations ; only traces of headband remain ; overall in somewhat poor condition with much abrasion, staining, lifting and losses of leather, etc. ; repairs to spine, fore edge flap, and board edges in red leather.</subfield></datafield><datafield tag="500" ind1=" " ind2=" "><subfield code="a">Support: European laid paper with 8 laid lines per cm. (vertical), chain lines spaced 23-28 mm. apart (horizontal), and possible hand or glove watermark (see p.40, 41, 66, 366, 382, etc.) ; medium cream in color, well-burnished to glossy, sturdy and dense though crisp.</subfield></datafield><datafield tag="500" ind1=" " ind2=" "><subfield code="a">Decoration: Some keywords and notabilia (side-heads) rubricated, others in blue ink.</subfield></datafield><datafield tag="500" ind1=" " ind2=" "><subfield code="a">Script: Maghribī script ; quite an elegant hand with effect of tilt to the right.</subfield></datafield><datafield tag="500" ind1=" " ind2=" "><subfield code="a">Layout: Written in 22 lines per page ; frame-ruled (impression of ruling board evident).</subfield></datafield><datafield tag="500" ind1=" " ind2=" "><subfield code="a">Collation: 4, V (14), V+1 (25), 5 V(75), VI (87), 4 V(127), V+1 (138), 4 V(178), V+1 (189), II (193) ; chiefly quinions ; middle of the quire marks in the form of al-khamsah al-ghubārīyah in the upper outer corner of the right-hand leaf ; catchwords present ; pagination in pencil, Western numerals, supplied during digitization.</subfield></datafield><datafield tag="500" ind1=" " ind2=" "><subfield code="a">Colophon: "كملت الحاشية المباركة بحمد الله وحسن عونه وصلى الله على سيدنا محمد واله سادس وعشرين من شهر رجب المبارك الفرد من عام عشرة بعد الالف ..."</subfield></datafield><datafield tag="500" ind1=" " ind2=" "><subfield code="a">Explicit: "والاوائل والمبادي دون الاواخر والثواني صح قرأة ..."</subfield></datafield><datafield tag="500" ind1=" " ind2=" "><subfield code="a">Incipit: "قول السيد الكلام هو اللفظ فان قيل لي [؟] شيء لم يبتدا ..."</subfield></datafield><datafield tag="500" ind1=" " ind2=" "><subfield code="a">Title from inscription on 'title page' (p.9).</subfield></datafield><datafield tag="500" ind1=" " ind2=" "><subfield code="a">Ms. codex.</subfield></datafield><datafield tag="505" ind1="0" ind2=" "><subfield code="a">6. p.386 [another excerpt].</subfield></datafield><datafield tag="505" ind1="0" ind2=" "><subfield code="a">5. p.10-p.385 : Ḥāshiyat Sayyidī Aḥmad al-Qaddūmī ʻalá Sayyidī al-Sharīf [?] / Aḥmad al-Qaddūmī.</subfield></datafield><datafield tag="505" ind1="0" ind2=" "><subfield code="a">4. p.8-p.9 : [assorted verses and other excerpts].</subfield></datafield><datafield tag="505" ind1="0" ind2=" "><subfield code="a">3. p.7 : [blank].</subfield></datafield><datafield tag="505" ind1="0" ind2=" "><subfield code="a">2. p.2-p.6 : [short excerpt with definitions of grammatical terms, opens "وحقيقة النحو علم باصول يعرف بها احوال اواخر الكلم اعرابا وبناء وحقيقة الكلام ما تركب من كلمتين ..."].</subfield></datafield><datafield tag="505" ind1="0" ind2=" "><subfield code="a">1. p.1 : [assorted excerpts].</subfield></datafield><datafield tag="510" ind1="4" ind2=" "><subfield code="a">Brockelmann, C. GAL,</subfield><subfield code="c">I 283 15 (16.) cmtre 2a. ; II 216 ; S II 305-306</subfield></datafield><datafield tag="520" ind1="8" ind2=" "><subfield code="a">"...[Fine copy of a commentary upon] A treatise or gloss on syntax ; preceded by a short treatise (5 pp.) on the same subject, and two pp. of verses on gender, unidentified..." - from catalog card.</subfield></datafield><datafield tag="538" ind1=" " ind2=" "><subfield code="a">Mode of access: Internet.</subfield></datafield><datafield tag="541" ind1=" " ind2=" "><subfield code="a">Acquired in 1926 from the bookseller Isaac Benjamin S.E. Yahuda via purchase transacted on his behalf by Abraham Shalom Yahuda (1877-1951), his younger brother.</subfield></datafield><datafield tag="546" ind1=" " ind2=" "><subfield code="a">Arabic.</subfield></datafield><datafield tag="561" ind1=" " ind2=" "><subfield code="a">Ownership statement on 'title page' (p.9) possibly dated 1021 [1612 or 13] in name of ʻAlī ibn ʻAbd al-ʻAzīz ibn ʻAbd Allāh ibn ... [?] ibn al-Ḥusayn ibn ʻĪsá ibn Yāsīn al-Sharīf al-Ḥasanī, statement reads "ملك ... واقل عبيده علي بن عبد العزيز بن عبد الله بن ... بن الحسين بن عيسى بن ياسين الشريف الحسنى ... الدار والمنشا المالكي مذهبا الاشعري اعتقادا ... وفي اوائل ... احد وعشرين والف" ; occasional marginal corrections and notabilia (side-heads).</subfield></datafield><datafield tag="650" ind1=" " ind2="0"><subfield code="a">Manuscripts, Arabic</subfield><subfield code="z">Michigan</subfield><subfield code="z">Ann Arbor.</subfield></datafield><datafield tag="650" ind1=" " ind2="0"><subfield code="a">Arabic language</subfield><subfield code="x">Grammar</subfield><subfield code="v">Early works to 1800.</subfield></datafield><datafield tag="650" ind1=" " ind2="0"><subfield code="a">Arabic language</subfield><subfield code="x">Gender</subfield><subfield code="v">Early works to 1800.</subfield></datafield><datafield tag="650" ind1=" " ind2="0"><subfield code="a">Arabic language</subfield><subfield code="x">Syntax</subfield><subfield code="v">Early works to 1800.</subfield></datafield><datafield tag="773" ind1="0" ind2=" "><subfield code="a">Yahuda Collection.</subfield></datafield><datafield tag="880" ind1="1" ind2="0"><subfield code="6">245-03/</subfield><subfield code="a">[حاشية سيدي احمد القدومي على سيدي الشريف,</subfield><subfield code="f">[1010ه, 1602م].</subfield></datafield><datafield tag="880" ind1="1" ind2=" "><subfield code="6">100-01/</subfield><subfield code="a">قدومي, احمد.</subfield></datafield><datafield tag="CID" ind1=" " ind2=" "><subfield code="a">006813538</subfield></datafield><datafield tag="DAT" ind1="0" ind2=" "><subfield code="a">20190719102638.0</subfield><subfield code="b">20190719000000.0</subfield></datafield><datafield tag="DAT" ind1="1" ind2=" "><subfield code="a">20190719090653.0</subfield><subfield code="b">2019-07-19T16:11:57Z</subfield></datafield><datafield tag="DAT" ind1="2" ind2=" "><subfield code="a">2015-10-02T18:00:03Z</subfield></datafield><datafield tag="CAT" ind1=" " ind2=" "><subfield code="a">SDR-MIU</subfield><subfield code="d">EX LIBRIS - ALEPH</subfield><subfield code="l">prepare.pl-004-008</subfield></datafield><datafield tag="FMT" ind1=" " ind2=" "><subfield code="a">BK</subfield></datafield><datafield tag="HOL" ind1=" " ind2=" "><subfield code="0">sdr-miu006813538</subfield><subfield code="a">MiU</subfield><subfield code="b">SDR</subfield><subfield code="c">MIU</subfield><subfield code="p">mdp.39015079128347</subfield><subfield code="s">MIU</subfield><subfield code="1">006813538</subfield></datafield><datafield tag="974" ind1=" " ind2=" "><subfield code="b">MIU</subfield><subfield code="c">MIU</subfield><subfield code="d">20190719</subfield><subfield code="s">lit-dlps-dc</subfield><subfield code="u">mdp.39015079128347</subfield><subfield code="y">1602</subfield><subfield code="r">pd</subfield><subfield code="q">bib</subfield><subfield code="t">non-US bib date1 &lt; 1879</subfield></datafield></record></collection>